@article{torres2013risk,
  title={Risk factors for community-acquired pneumonia in adults in Europe: a literature review},
  author={Torres, Antoni and Peetermans, Willy E and Viegi, Giovanni and Blasi, Francesco},
  journal={Thorax},
  volume={68},
  number={11},
  pages={1057--1065},
  year={2013},
  publisher={BMJ Publishing Group Ltd}
}
@article{rivero2016incidence,
  title={Incidence and risk factor prevalence of community-acquired pneumonia in adults in primary care in Spain (NEUMO-ES-RISK project)},
  author={Rivero-Calle, I and Pardo-Seco, J and Aldaz, P and Vargas, DA and Mascar{\'o}s, E and Redondo, E and D{\'\i}az-Maroto, JL and Linares-Rufo, M and Fierro-Alacio, MJ and Gil, A and others},
  journal={BMC infectious diseases},
  volume={16},
  number={1},
  pages={1--8},
  year={2016},
  publisher={BioMed Central}
}
@article{petrosillo2015treatment,
  title={Treatment options for community-acquired pneumonia in the elderly people},
  author={Petrosillo, Nicola and Cataldo, Maria Adriana and Pea, Federico},
  journal={Expert Review of Anti-infective Therapy},
  volume={13},
  number={4},
  pages={473--485},
  year={2015},
  publisher={Taylor \& Francis}
}
@article{de2017trends,
  title={Trends in hospitalizations for community-acquired pneumonia in Spain: 2004 to 2013},
  author={de Miguel-D{\'\i}ez, Javier and Jim{\'e}nez-Garc{\'\i}a, Rodrigo and Hern{\'a}ndez-Barrera, Valent{\'\i}n and Jim{\'e}nez-Trujillo, Isabel and de Miguel-Yanes, Jos{\'e} M and M{\'e}ndez-Bail{\'o}n, Manuel and L{\'o}pez-de-Andr{\'e}s, Ana},
  journal={European Journal of Internal Medicine},
  volume={40},
  pages={64--71},
  year={2017},
  publisher={Elsevier}
}
@article{mandell2007infectious,
  title={Infectious Diseases Society of America/American Thoracic Society consensus guidelines on the management of community-acquired pneumonia in adults},
  author={Mandell, Lionel A and Wunderink, Richard G and Anzueto, Antonio and Bartlett, John G and Campbell, G Douglas and Dean, Nathan C and Dowell, Scott F and File Jr, Thomas M and Musher, Daniel M and Niederman, Michael S and others},
  journal={Clinical infectious diseases},
  volume={44},
  number={Supplement\_2},
  pages={S27--S72},
  year={2007},
  publisher={The University of Chicago Press}
}
@article{menendez2010neumonia,
  title={Neumon{\'\i}a adquirida en la comunidad. Nueva normativa de la Sociedad Espa{\~n}ola de Neumolog{\'\i}a y Cirug{\'\i}a Tor{\'a}cica (SEPAR)},
  author={Men{\'e}ndez, Rosario and Torres, Antoni and Aspa, Javier and Capelastegui, Alberto and Prat, Cristina and Rodr{\'\i}guez de Castro, Felipe},
  journal={Archivos de bronconeumologia},
  volume={46},
  number={10},
  pages={543--558},
  year={2010}
}
@article{gutierrez2005epidemiology,
  title={Epidemiology of community-acquired pneumonia in adult patients at the dawn of the 21st century: a prospective study on the Mediterranean coast of Spain},
  author={Gutierrez, F and Masia, M and Rodriguez, JC and Mirete, C and Sold{\'a}n, B and Padilla, S and Hern{\'a}ndez, I and De Ory, F and Royo, G and Hidalgo, AM},
  journal={Clinical microbiology and infection},
  volume={11},
  number={10},
  pages={788--800},
  year={2005},
  publisher={Elsevier}
}
@article{cruzeta2013impact,
  title={Impact of seasonality and annual immunization of elderly people upon influenza-related hospitalization rates},
  author={Cruzeta, Alana Patr{\'\i}cio Stols and Schneider, Ione Jayce Ceola and Traebert, Jefferson},
  journal={International journal of infectious diseases},
  volume={17},
  number={12},
  pages={e1194--e1197},
  year={2013},
  publisher={Elsevier}
}
@article{tomczyk2014use,
  title={Use of 13-valent pneumococcal conjugate vaccine and 23-valent pneumococcal polysaccharide vaccine among adults aged $\geq65$ years: recommendations of the Advisory Committee on Immunization Practices (ACIP)},
  author={Tomczyk, Sara and Bennett, Nancy M and Stoecker, Charles and Gierke, Ryan and Moore, Matthew R and Whitney, Cynthia G and Hadler, Stephen and Pilishvili, Tamara},
  journal={MMWR. Morbidity and mortality weekly report},
  volume={63},
  number={37},
  pages={822},
  year={2014},
  publisher={Centers for Disease Control and Prevention}
}
@article{bennett2012use,
  title={Use of 13-valent pneumococcal conjugate vaccine and 23-valent pneumococcal polysaccharide vaccine for adults with immunocompromising conditions: recommendations of the Advisory Committee on Immunization Practices (ACIP)},
  author={Bennett, Nancy M and Whitney, Cynthia G and Moore, Matt and Pilishvili, Tamara and Dooling, Kathleen L},
  journal={MMWR. Morbidity and mortality weekly report},
  volume={61},
  number={36},
  pages={816--825},
  year={2012}
}
@article{centers2010updated,
  title={Updated recommendations for prevention of invasive pneumococcal disease among adults using the 23-valent pneumococcal polysaccharide vaccine (PPSV23)},
  author={Centers for Disease Control and Prevention (CDC and Advisory Committee on Immunization Practices and others},
  journal={MMWR. Morbidity and mortality weekly report},
  volume={59},
  number={34},
  pages={1102--1106},
  year={2010}
}
@article{bonten2015polysaccharide,
  title={Polysaccharide conjugate vaccine against pneumococcal pneumonia in adults},
  author={Bonten, Marc JM and Huijts, Susanne M and Bolkenbaas, Marieke and Webber, Chris and Patterson, Scott and Gault, Samantha and van Werkhoven, Cornelis H and van Deursen, Anna MM and Sanders, Elisabeth AM and Verheij, Theo JM and others},
  journal={New England Journal of Medicine},
  volume={372},
  number={12},
  pages={1114--1125},
  year={2015},
  publisher={Mass Medical Soc}
}
@article{dominguez2010effectiveness,
  title={Effectiveness of the pneumococcal polysaccharide vaccine in preventing pneumonia in the elderly},
  author={Dom{\'\i}nguez, Angela and Izquierdo, Conchita and Salleras, Lluis and Ruiz, Laura and Sousa, Dolores and Bayas, Jos{\'e} Maria and Nebot, Manel and Varona, Wenceslao and Celorrio, Jos{\'e} Miguel and Carratal{\`a}, J},
  journal={European Respiratory Journal},
  volume={36},
  number={3},
  pages={608--614},
  year={2010},
  publisher={Eur Respiratory Soc}
}
@article{lim2009bts,
  title={BTS guidelines for the management of community acquired pneumonia in adults: update 2009},
  author={Lim, Wei Shen and Baudouin, SV and George, RC and Hill, AT and Jamieson, Conor and Le Jeune, Ivan and Macfarlane, JT and Read, RC and Roberts, HJ and Levy, ML and others},
  journal={Thorax},
  volume={64},
  number={Suppl 3},
  pages={iii1--iii55},
  year={2009},
  publisher={BMJ Publishing Group Ltd}
}
@article{woodhead2011joint,
  title={Joint Taskforce of the European Respiratory Society and European Society for Clinical Microbiology and Infectious Diseases. Guidelines for the management of adult lower respiratory tract infectionsâ€”full version},
  author={Woodhead, M1 and Blasi, F and Ewig, S and Garau, J and Huchon, G and Ieven, M and Ortqvist, A and Schaberg, T and Torres, A and Van der Heijden, G and others},
  journal={Clin Microbiol Infect},
  volume={17},
  number={Suppl 6},
  pages={E1--E59},
  year={2011}
}
@article{robinson2014poor,
  title={Poor compliance with community-acquired pneumonia antibiotic guidelines in a large Australian private hospital emergency department},
  author={Robinson, Helen L and Robinson, Philip C and Whitby, Michael},
  journal={Microbial Drug Resistance},
  volume={20},
  number={6},
  pages={561--567},
  year={2014},
  publisher={Mary Ann Liebert, Inc. 140 Huguenot Street, 3rd Floor New Rochelle, NY 10801 USA}
}
@article{rossio2015adherence,
  title={Adherence to antibiotic treatment guidelines and outcomes in the hospitalized elderly with different types of pneumonia},
  author={Rossio, Raffaella and Franchi, Carlotta and Ardoino, Ilaria and Djade, Codjo D and Tettamanti, Mauro and Pasina, Luca and Salerno, Francesco and Marengoni, Alessandra and Corrao, Salvatore and Marcucci, Maura and others},
  journal={European journal of internal medicine},
  volume={26},
  number={5},
  pages={330--337},
  year={2015},
  publisher={Elsevier}
}
@article{uranga2016duration,
  title={Duration of antibiotic treatment in community-acquired pneumonia: a multicenter randomized clinical trial},
  author={Uranga, Ane and Espa{\~n}a, Pedro P and Bilbao, Amaia and Quintana, Jose Mar{\'\i}a and Arriaga, Ignacio and Intxausti, Maider and Lobo, Jose Luis and Tom{\'a}s, Laura and Camino, Jesus and Nu{\~n}ez, Juan and others},
  journal={JAMA internal medicine},
  volume={176},
  number={9},
  pages={1257--1265},
  year={2016},
  publisher={American Medical Association}
}
@article{eccles2014diagnosis,
  title={Diagnosis and management of community and hospital acquired pneumonia in adults: summary of NICE guidance},
  author={Eccles, Sinan and Pincus, Celia and Higgins, Bernard and Woodhead, Mark},
  journal={Bmj},
  volume={349},
  year={2014},
  publisher={British Medical Journal Publishing Group}
}
@article{postma2015antibiotic,
  title={Antibiotic treatment strategies for community-acquired pneumonia in adults},
  author={Postma, Douwe F and Van Werkhoven, Cornelis H and Van Elden, Leontine JR and Thijsen, Steven FT and Hoepelman, Andy IM and Kluytmans, Jan AJW and Boersma, Wim G and Compaijen, Clara J and Van Der Wall, Eva and Prins, Jan M and others},
  journal={New England Journal of Medicine},
  volume={372},
  number={14},
  pages={1312--1323},
  year={2015},
  publisher={Mass Medical Soc}
}
@article{van2015antibiotics,
  title={Antibiotics for Community-Acquired Pneumonia in Adults.},
  author={van Werkhoven, Cornelis H and Postma, Douwe F and Bonten, MJ},
  journal={The New England journal of medicine},
  volume={373},
  number={7},
  pages={684--686},
  year={2015}
}
@article{levy2015cumplimiento,
  title={Cumplimiento con las gu{\'\i}as nacionales en pacientes hospitalizados con neumon{\'\i}a adquirida en la comunidad: resultados del Estudio Capo en Venezuela},
  author={Levy, Gur and Perez, Mario and Rodr{\'\i}guez, Benito and Voth, Ana Hern{\'a}ndez and Perez, Jorge and Gnoni, Martin and Kelley, Robert and Wiemken, Timothy and Ramirez, Julio},
  journal={Archivos de Bronconeumolog{\'\i}a},
  volume={51},
  number={4},
  pages={163--168},
  year={2015},
  publisher={Elsevier}
}
@article{banqueri2014factors,
  title={Factors related with the appropriateness of pharmacological treatment in polypathological patients},
  author={Banqueri, M Galv{\'a}n and Lara, ER Alfaro and G{\'o}mez, M Rinc{\'o}n and Covas, PC Rivas and Coca, MD Vega and Mart{\'\i}n, MD Nieto},
  journal={Farmacia Hospitalaria},
  volume={38},
  number={5},
  pages={405--410},
  year={2014},
  publisher={Sociedad Espa{\~n}ola de Farmacia Hospitalaria}
}
@article{fernandez2013appropriateness,
  title={Appropriateness of antibiotic prescribing in a primary care area: a cross-sectional study},
  author={Fernandez-Urrusuno, Rocio and Flores-Dorado, Macarena and Vilches-Arenas, Angel and Serrano-Martino, Carmen and Corral-Baena, Susana and Montero-Balosa, M Carmen},
  journal={Enfermedades Infecciosas y Microbiologia Clinica},
  volume={32},
  number={5},
  pages={285--292},
  year={2013}
}
@article{perez2002adecuacion,
  title={Adecuaci{\'o}n del tratamiento farmacol{\'o}gico en poblaci{\'o}n anciana polimedicada},
  author={P{\'e}rez Fuentes, M{\textordfeminine} F and Castillo Castillo, R and Rodr{\'\i}guez Toquero, J and Martos L{\'o}pez, E and Morales Ma{\~n}ero, A},
  journal={Medicina de familia},
  volume={1},
  pages={23--8},
  year={2002}
}
@article{ye2015improvement,
  title={Improvement in clinical and economic outcomes with empiric antibiotic therapy covering atypical pathogens for community-acquired pneumonia patients: a multicenter cohort study},
  author={Ye, Xiangru and Ma, Jian and Hu, Bijie and Gao, Xiaodong and He, Lixian and Shen, Wei and Weng, Lei and Cai, Liming and Huang, Yonggang and Hu, Zheng and others},
  journal={International Journal of Infectious Diseases},
  volume={40},
  pages={102--107},
  year={2015},
  publisher={Elsevier}
}
@article{torres2013guia,
  title={Gu{\'\i}a multidisciplinar para la valoraci{\'o}n pron{\'o}stica, diagn{\'o}stico y tratamiento de la neumon{\'\i}a adquirida en la comunidad},
  author={Torres, Antoni and Barber{\'a}n, Jos{\'e} and Falguera, Miquel and Men{\'e}ndez, Rosario and Molina, Jes{\'u}s and Olaechea, Pedro and Rodr{\'\i}guez, Alejandro and Grupo de la Gu{\'\i}a Multidisciplinar para el Manejo de la Neumon{\'\i}a Adquirida en la Comunidad and others},
  journal={Medicina Cl{\'\i}nica},
  volume={140},
  number={5},
  pages={223--e1},
  year={2013},
  publisher={Elsevier}
}
@article{pachon2009clinical,
  title={Clinical management of community-acquired pneumonia in adults},
  author={Pachon, Jeronimo and others},
  journal={Medicina clinica},
  volume={133},
  number={2},
  pages={63--73},
  year={2009}
}
@article{berger2014patterns,
  title={Patterns of initial antibiotic therapy for community-acquired pneumonia in US hospitals, 2000 to 2009},
  author={Berger, Ariel and Edelsberg, John and Oster, Gerry and Huang, Xingyue and Weber, David J},
  journal={The American journal of the medical sciences},
  volume={347},
  number={5},
  pages={347--356},
  year={2014},
  publisher={Elsevier}
}
@article{pradelli2015community,
  title={Community-acquired pneumonia: impact of empirical antibiotic therapy without respiratory fluoroquinolones nor third-generation cephalosporins},
  author={Pradelli, J and Risso, K d and de Salvador, F Guillouet and Cua, E and Ruimy, R and Roger, P-M},
  journal={European Journal of Clinical Microbiology \& Infectious Diseases},
  volume={34},
  number={3},
  pages={511--518},
  year={2015},
  publisher={Springer}
}
@article{wang2016comparative,
  title={Comparative outcome analysis of penicillin-based versus fluoroquinolone-based antibiotic therapy for community-acquired pneumonia: a nationwide population-based cohort study},
  author={Wang, Chi-Chuan and Lin, Chia-Hui and Lin, Kuan-Yin and Chuang, Yu-Chung and Sheng, Wang-Huei},
  journal={Medicine},
  volume={95},
  number={6},
  year={2016},
  publisher={Wolters Kluwer Health}
}
